<collection xmlns="http://www.loc.gov/MARC21/slim">
<record>
  <leader>01771nam0a22003251i 450 </leader>
  <controlfield tag="001">IT\ICCU\CNCE\068019</controlfield>
  <controlfield tag="005">20110204000000.0</controlfield>
  <datafield tag="012" ind1=" " ind2=" ">
    <subfield code="a">1918 32le ,&amp;ta tore (3) 1537 (R)</subfield>
    <subfield code="2">fei</subfield>
  </datafield>
  <datafield tag="100" ind1=" " ind2=" ">
    <subfield code="a">20060911d1537        0itac0103    ba</subfield>
  </datafield>
  <datafield tag="101" ind1=" " ind2=" ">
    <subfield code="a">ITA</subfield>
  </datafield>
  <datafield tag="102" ind1=" " ind2=" ">
    <subfield code="a">IT</subfield>
  </datafield>
  <datafield tag="200" ind1="1" ind2=" ">
    <subfield code="a">Discorsi di Nicolo Machiuauelli, fiorentino, sopra la prima deca di Tito Liuio, diuisi in tre libri. Nuouamente ristampati</subfield>
  </datafield>
  <datafield tag="210" ind1=" " ind2=" ">
    <subfield code="a">\Venezia</subfield>
    <subfield code="c">Melchiorre Sessa il vecchio!</subfield>
    <subfield code="e">In Vinegia</subfield>
    <subfield code="g">per Giouan&apos;Antonio de Nicolini da Sabio</subfield>
    <subfield code="g">ad instantia de m. Merchiore Sessa</subfield>
    <subfield code="h">1537 del mese d&apos;agosto</subfield>
  </datafield>
  <datafield tag="215" ind1=" " ind2=" ">
    <subfield code="a">\8!, 200 c.</subfield>
    <subfield code="d">8ʻ</subfield>
  </datafield>
  <datafield tag="620" ind1=" " ind2=" ">
    <subfield code="a">IT</subfield>
    <subfield code="d">Venezia</subfield>
  </datafield>
  <datafield tag="700" ind1=" " ind2="1">
    <subfield code="a">Machiavelli,</subfield>
    <subfield code="b"></subfield>
    <subfield code="3">IT\ICCU\CNCA\004508</subfield>
  </datafield>
  <datafield tag="712" ind1="0" ind2="0">
    <subfield code="a">Nicolini da Sabbio, Giovanni Antonio</subfield>
    <subfield code="3">IT\ICCU\CNCT\000056</subfield>
    <subfield code="4">650</subfield>
  </datafield>
  <datafield tag="712" ind1="0" ind2="0">
    <subfield code="a">Sessa, Melchiorre</subfield>
    <subfield code="c"> &lt;1.&gt;</subfield>
    <subfield code="3">IT\ICCU\CNCT\000057</subfield>
    <subfield code="4">650</subfield>
  </datafield>
  <datafield tag="790" ind1=" " ind2="1">
    <subfield code="a">Machiavelli,</subfield>
    <subfield code="b"></subfield>
    <subfield code="3">IT\ICCU\CNCA\019601</subfield>
    <subfield code="z"></subfield>
  </datafield>
  <datafield tag="790" ind1=" " ind2="1">
    <subfield code="a">Macchiavelli,</subfield>
    <subfield code="b"></subfield>
    <subfield code="3">IT\ICCU\CNCA\019602</subfield>
    <subfield code="z"></subfield>
  </datafield>
  <datafield tag="790" ind1=" " ind2="1">
    <subfield code="a">Macchiavelli,</subfield>
    <subfield code="b"></subfield>
    <subfield code="3">IT\ICCU\CNCA\019603</subfield>
    <subfield code="z"></subfield>
  </datafield>
  <datafield tag="791" ind1="0" ind2="0">
    <subfield code="a">Sabiensis, Ioannes Antonius</subfield>
    <subfield code="3">IT\ICCU\CNCT\002428</subfield>
    <subfield code="z">Nicolini da Sabbio, Giovanni Antonio</subfield>
  </datafield>
  <datafield tag="791" ind1="0" ind2="0">
    <subfield code="a">Sabbius, Ioannes Antonius</subfield>
    <subfield code="3">IT\ICCU\CNCT\004008</subfield>
    <subfield code="z">Nicolini da Sabbio, Giovanni Antonio</subfield>
  </datafield>
  <datafield tag="791" ind1="0" ind2="0">
    <subfield code="a">Sessa, Marchio</subfield>
    <subfield code="c"> &lt;1.&gt;</subfield>
    <subfield code="3">IT\ICCU\CNCT\005661</subfield>
    <subfield code="z">Sessa, Melchiorre &lt;1.&gt;</subfield>
  </datafield>
  <datafield tag="801" ind1=" " ind2="3">
    <subfield code="a">IT</subfield>
    <subfield code="b">ICCU</subfield>
    <subfield code="c">20201115</subfield>
  </datafield>
  <datafield tag="899" ind1=" " ind2=" ">
    <subfield code="a">Biblioteca statale. Lucca</subfield>
    <subfield code="1">LU0022</subfield>
    <subfield code="2">LUA BL</subfield>
  </datafield>
  <datafield tag="899" ind1=" " ind2=" ">
    <subfield code="a">Biblioteca civica. Padova</subfield>
    <subfield code="1">PD0090</subfield>
    <subfield code="2">PUV 55</subfield>
  </datafield>
  <datafield tag="899" ind1=" " ind2=" ">
    <subfield code="a">Biblioteca Vallicelliana. Roma</subfield>
    <subfield code="1">RM0281</subfield>
    <subfield code="2">RML 08</subfield>
  </datafield>
  <datafield tag="911" ind1=" " ind2=" ">
    <subfield code="a">sul front.</subfield>
    <subfield code="9">IT\ICCU\CNCM\001098</subfield>
  </datafield>
  <datafield tag="921" ind1=" " ind2=" ">
    <subfield code="a">IT\ICCU\CNCM\001098</subfield>
    <subfield code="b">Gatto con topo in bocca. In cornice figurata</subfield>
    <subfield code="e">Dissimilium infida societas</subfield>
    <subfield code="c">U140</subfield>
    <subfield code="d">Dimensioni: 7,3 x 8,5</subfield>
    <subfield code="f">GATTO</subfield>
    <subfield code="f">TOPO</subfield>
    <subfield code="g">[dopo il 1532]-1543</subfield>
  </datafield>
</record>
</collection>
